
@misc{andreas_m._antonopoulos_gavin_wood_ethereumbook/ethereumbook_2020,
  title = {Ethereumbook/Ethereumbook},
  author = {Andreas M. Antonopoulos, Gavin Wood},
  year = {2020},
  month = mar,
  abstract = {Mastering Ethereum, by Andreas M. Antonopoulos, Gavin Wood},
  howpublished = {Ethereum Book},
  keywords = {blockchain,book,dapp,devp2p,embark,ethereum,oreilly,smart-contracts,solidity,token,truffle-framework,web3js}
}

@misc{gavin_wood_ethereum/yellowpaper_2020,
  title = {Ethereum/Yellowpaper},
  author = {Gavin Wood},
  year = {2020},
  month = mar,
  abstract = {The "Yellow Paper": Ethereum's formal specification},
  copyright = {CC-BY-SA-4.0},
  file = {/home/ture/Zotero/storage/PCB8CMRU/2020 - ethereumyellowpaper.pdf},
  howpublished = {ethereum}
}

@article{noauthor_elliptic_2020,
  title = {Elliptic {{Curve Digital Signature Algorithm}}},
  year = {2020},
  month = mar,
  abstract = {In cryptography, the Elliptic Curve Digital Signature Algorithm (ECDSA) offers a variant of the Digital Signature Algorithm (DSA) which uses elliptic curve cryptography.},
  copyright = {Creative Commons Attribution-ShareAlike License},
  file = {/home/ture/Zotero/storage/L3VLNTQ6/index.html},
  journal = {Wikipedia},
  language = {en},
  note = {Page Version ID: 943911808}
}

@misc{noauthor_notitle_nodate,
  type = {Misc}
}


